@misc{HSAPlatform, 
title={HSA PLATFORM SYSTEM ARCHITECTURE SPECIFICATION},
year={2014},
url={http://www.hsafoundation.com/?ddownload=4944}
}

@misc{NugterenFig27,
author = {C. Nugteren},
title = {Improving the Programmability of GPU Architectures},
year = {2014},  
pages = {21}, 
url = {http://www.cedricnugteren.nl/downloads/thesis.pdf}
}

@INPROCEEDINGS{Sismanis2012, 
author={Sismanis, N. and Pitsianis, N. and Xiaobai Sun}, 
booktitle={High Performance Extreme Computing (HPEC), 2012 IEEE Conference on}, 
title={Parallel search of k-nearest neighbors with synchronous operations}, 
year={2012}, 
month={Sept}, 
pages={1-6}, 
keywords={graphics processing units;learning (artificial intelligence);parallel algorithms;query processing;TBiS;accelerator;data locality;data structures;graphics processing unit;high dimensional space;k-nearest neighbors;many-core processor;parallel algorithms;parallel kNN search;program structures;query;select operation;sort operation;synchronous concurrency;synchronous operations;truncated bitonic sort;truncated sort algorithms;Algorithm design and analysis;Approximation algorithms;Computers;Graphics processing units;Partitioning algorithms;Sorting;Vectors}, 
doi={10.1109/HPEC.2012.6408667}
}

@inproceedings{Kato,
 author = {Kato, Kimikazu and Hosino, Tikara},
 title = {Solving k-Nearest Neighbor Problem on Multiple Graphics Processors},
 booktitle = {Proceedings of the 2010 10th IEEE/ACM International Conference on Cluster, Cloud and Grid Computing},
 series = {CCGRID '10},
 year = {2010},
 isbn = {978-0-7695-4039-9},
 pages = {769--773},
 numpages = {5},
 url = {http://dx.doi.org/10.1109/CCGRID.2010.47},
 doi = {10.1109/CCGRID.2010.47},
 acmid = {1845125},
 publisher = {IEEE Computer Society},
 address = {Washington, DC, USA},
 keywords = {data mining, GPGPU, parallel algorithm}
} 

@MISC{ParallelTree,
	url= {http://wwwiti.cs.uni-magdeburg.de/iti_db/publikationen/ps/auto/Hering12.pdf},
    author = {T. Hering},
    title = {Parallel Execution of kNN-Queries on in-memory K-D Trees},
    year = {2013}
}

@inproceedings{gieseke2014buffer,
   title={Buffer kd Trees: Processing Massive Nearest Neighbor Queries on GPUs},
   author={Gieseke, Fabian and Heinermann, Justin and Oancea, Cosmin and Igel, Christian},
   booktitle={Proceedings of The 31st International Conference on Machine Learning},
   pages={172–180},
   year={2014}
}

@INPROCEEDINGS{VLSH, 
author={Tieu Lin Loi and Jae-Pil Heo and Junghwan Lee and Sung-Eui Yoon}, 
booktitle={Intelligent Robots and Systems (IROS), 2013 IEEE/RSJ International Conference on}, 
title={VLSH: Voronoi-based locality sensitive hashing}, 
year={2013}, 
month={Nov}, 
pages={5345-5352}, 
keywords={computational geometry;mobile robots;path planning;sampling methods;search problems;VLSH;Voronoi regions;Voronoi-based locality sensitive hashing;configuration space;distance metrics;high-dimensional sampling-based motion planner;k-nearest neighbor search algorithm;l2 norm space;pivot points;quantization factors;robot configurations;sample irregular distribution;Accuracy;Measurement;Nearest neighbor searches;Planning;Quantization (signal);Robots;Vectors}, 
doi={10.1109/IROS.2013.6697130}, 
ISSN={2153-0858}
}

@article{Garcia2008,
  author    = {Vincent Garcia and
               Eric Debreuve and
               Michel Barlaud},
  title     = {Fast k Nearest Neighbor Search using {GPU}},
  journal   = {CoRR},
  volume    = {abs/0804.1448},
  year      = {2008},
  url       = {http://arxiv.org/abs/0804.1448},
  timestamp = {Mon, 05 Dec 2011 18:04:52 +0100},
  biburl    = {http://dblp.uni-trier.de/rec/bib/journals/corr/abs-0804-1448},
  bibsource = {dblp computer science bibliography, http://dblp.org}
}


@ARTICLE{Hou2011, 
author={Qiming Hou and Xin Sun and Kun Zhou and Lauterbach, C. and Manocha, D.}, 
journal={Visualization and Computer Graphics, IEEE Transactions on}, 
title={Memory-Scalable GPU Spatial Hierarchy Construction}, 
year={2011}, 
month={April}, 
volume={17}, 
number={4}, 
pages={466-474}, 
keywords={computer graphic equipment;coprocessors;storage management;tree searching;GPU spatial hierarchy construction;bounding volume hierarchy construction;breadth-first search construction order;graphics processing unit;kd-trees algorithm;memory allocation strategy;memory consumption;memory-scalable GPU;Algorithm design and analysis;Graphics processing unit;Layout;Memory management;Parallel processing;Ray tracing;Shape;Memory bound;bounding volume hierarchy.;kd-tree}, 
doi={10.1109/TVCG.2010.88}, 
ISSN={1077-2626}
}

@article{Zhou,
 author = {Zhou, Kun and Hou, Qiming and Wang, Rui and Guo, Baining},
 title = {Real-time KD-tree Construction on Graphics Hardware},
 journal = {ACM Trans. Graph.},
 issue_date = {December 2008},
 volume = {27},
 number = {5},
 month = dec,
 year = {2008},
 issn = {0730-0301},
 pages = {126:1--126:11},
 articleno = {126},
 numpages = {11},
 url = {http://doi.acm.org/10.1145/1409060.1409079},
 doi = {10.1145/1409060.1409079},
 acmid = {1409079},
 publisher = {ACM},
 address = {New York, NY, USA},
 keywords = {kd-tree, photon mapping, point cloud modeling, programable graphics hardware, ray tracing}
} 

@article{flann_pami_2014,
  title={Scalable Nearest Neighbor Algorithms for High Dimensional Data},
  author={Marius Muja and David G. Lowe},
  journal={Pattern Analysis and Machine Intelligence, IEEE Transactions on},
  volume={36},
  year={2014},
  publisher={IEEE}
}


@INPROCEEDINGS{Kuang_l,
    author = {Quansheng Kuang and Lei Zhao},
    title = {L.: A practical GPU based KNN algorithm},
    booktitle = {In Proceedings of the Second Symposium on International Computer Science and Computational Technology (ISCSCT ’09) (Dec. 2009), Academy Publisher},
    year = {},
    pages = {151--155}
}

@misc{AliDashti, 
author = {A. Dashti}, 
title = {Efficient Computation of K-Nearest Neighbor Graphs for Large High-Dimensional Data  Sets on GPU Clusters},
url= {http://dc.uwm.edu/cgi/viewcontent.cgi?article=1285&context=etd}
}

@inproceedings{Batcher:1968:SNA:1468075.1468121,
 author = {Batcher, K. E.},
 title = {Sorting Networks and Their Applications},
 booktitle = {Proceedings of the April 30--May 2, 1968, Spring Joint Computer Conference},
 series = {AFIPS '68 (Spring)},
 year = {1968},
 location = {Atlantic City, New Jersey},
 pages = {307--314},
 numpages = {8},
 url = {http://doi.acm.org/10.1145/1468075.1468121},
 doi = {10.1145/1468075.1468121},
 acmid = {1468121},
 publisher = {ACM},
 address = {New York, NY, USA}
} 


@misc{MSDN_AMP, 
title={C++ AMP Overview},
url={https://msdn.microsoft.com/en-us/library/hh265136.aspx}
}
@misc{Aparapi, 
title={aparapi - API for data parallel Java. Allows suitable code to be executed on GPU via OpenCL.},
url={https://code.google.com/p/aparapi/}
}

@misc{Sumatra,
url={http://openjdk.java.net/projects/sumatra/},
title={OpenJDK: Project Sumatra}
}

@misc{StreamAPI, 
url={http://docs.oracle.com/javase/8/docs/api/java/util/stream/package-summary.html},
title={java.util.Stream (Java Platform SE 8)}
}

@misc{megakernel, 
author={S.Laine, T. Karras, T. Aila},
title={Megakernels Considered Harmful: Wavefront Path Tracing on GPUs},
url={https://research.nvidia.com/sites/default/files/publications/laine2013hpg_paper.pdf}
}

@article{JianEtAl,
year={2013},
issn={0920-8542},
journal={The Journal of Supercomputing},
volume={64},
number={3},
doi={10.1007/s11227-011-0672-7},
title={Parallel data mining techniques on Graphics Processing Unit with Compute Unified Device Architecture (CUDA)},
url={http://dx.doi.org/10.1007/s11227-011-0672-7},
publisher={Springer US},
keywords={Parallel computing; CUDA; Data mining; Classification; Clustering; Association rules mining},
author={Jian, Liheng and Wang, Cheng and Liu, Ying and Liang, Shenshen and Yi, Weidong and Shi, Yong},
pages={942-967},
language={English}
}

@INPROCEEDINGS{GainaruEtAl, 
author={Gainaru, A. and Slusanschi, E.}, 
booktitle={Parallel and Distributed Computing (ISPDC), 2011 10th International Symposium on}, 
title={Framework for Mapping Data Mining Applications on GPUs}, 
year={2011}, 
month={July}, 
pages={71-78}, 
keywords={data mining;graphics processing units;GPU;I/O transfer models;data requirements;hybrid architectures;mapping data mining application framework;power computation;Algorithm design and analysis;Clustering algorithms;Computer architecture;Data mining;Graphics processing unit;Optimization;Random access memory;GPU;data mining applications;parallelization}, 
doi={10.1109/ISPDC.2011.20}

}

@article{CoverHART,
 author = {Cover, T. and Hart, P.},
 title = {Nearest Neighbor Pattern Classification},
 journal = {IEEE Trans. Inf. Theor.},
 issue_date = {January 1967},
 volume = {13},
 number = {1},
 month = sep,
 year = {2006},
 issn = {0018-9448},
 pages = {21--27},
 numpages = {7},
 url = {http://dx.doi.org/10.1109/TIT.1967.1053964},
 doi = {10.1109/TIT.1967.1053964},
 acmid = {2267456},
 publisher = {IEEE Press},
 address = {Piscataway, NJ, USA}
} 

@article{Alabi2012,
 author = {Alabi, Tolu and Blanchard, Jeffrey D. and Gordon, Bradley and Steinbach, Russel},
 title = {Fast K-selection Algorithms for Graphics Processing Units},
 journal = {J. Exp. Algorithmics},
 issue_date = {2012},
 volume = {17},
 month = oct,
 year = {2012},
 issn = {1084-6654},
 pages = {4.2:4.1--4.2:4.29},
 articleno = {4.2},
 numpages = {1.19},
 url = {http://doi.acm.org/10.1145/2133803.2345676},
 doi = {10.1145/2133803.2345676},
 acmid = {2345676},
 publisher = {ACM},
 address = {New York, NY, USA},
 keywords = {\<it\>k\</it\>-Selection, CUDA, GPGPU, graphics processing units, multicore, order statistics}
} 

@inproceedings{Sorensen2011,
 author = {S{\o}rensen, Hans Henrik Brandenborg},
 title = {High-Performance Matrix-vector Multiplication on the GPU},
 booktitle = {Proceedings of the 2011 International Conference on Parallel Processing},
 series = {Euro-Par'11},
 year = {2012},
 isbn = {978-3-642-29736-6},
 location = {Bordeaux, France},
 pages = {377--386},
 numpages = {10},
 url = {http://dx.doi.org/10.1007/978-3-642-29737-3_42},
 doi = {10.1007/978-3-642-29737-3_42},
 acmid = {2238403},
 publisher = {Springer-Verlag},
 address = {Berlin, Heidelberg},
 keywords = {GPU, dense linear algebra, matrix-vector multiplication}
} 

@INPROCEEDINGS{BohmBeng, 
author={Bohm, C. and Beng Chin Ooi and Plant, C. and Ying Yan}, 
booktitle={Data Engineering, 2007. ICDE 2007. IEEE 23rd International Conference on}, 
title={Efficiently Processing Continuous k-NN Queries on Data Streams}, 
year={2007}, 
month={April}, 
pages={156-165}, 
keywords={data structures;query processing;continuous k-NN queries;data streams;data structure;exact k-NN monitoring;k-nearest neighbor queries;Data structures;Delay;Indexing;Intrusion detection;Monitoring;Nearest neighbor searches;Packaging;Query processing;Relational databases;Throughput}, 
doi={10.1109/ICDE.2007.367861}
}

@INPROCEEDINGS{Rootbear, 
author={Pratt-Szeliga, P.C. and Fawcett, J.W. and Welch, R.D.}, 
booktitle={High Performance Computing and Communication 2012 IEEE 9th International Conference on Embedded Software and Systems (HPCC-ICESS), 2012 IEEE 14th International Conference on}, 
title={Rootbeer: Seamlessly Using GPUs from Java}, 
year={2012}, 
month={June}, 
pages={375-380}, 
keywords={Java;Linux;graphics processing units;operating system kernels;parallel architectures;parallel programming;program compilers;public domain software;user interfaces;CPU memory;CUDA;GNU General Public License version 3;GPLv3;GPU memory;Java programming language;Linux;OpenCL;Rootbeer project;Windows;composite objects;deserialization;dynamic memory allocation;dynamic method invocation;free software;graphics processing unit;inner classes;instance fields;kernel code generation;kernel launch;native methods;open-source software;parallel program;primitive-type multidimensional arrays;primitive-type single-dimensional arrays;reference-type multidimensional arrays;reference-type single-dimensional arrays;reflection methods;serial program;static fields;Arrays;Graphics processing unit;Indexes;Java;Kernel;Parallel processing;Runtime;Compilers;GPGPU;Java}, 
doi={10.1109/HPCC.2012.57},}


@INPROCEEDINGS{Niu11hogwild:a,
    author = {Feng Niu and Benjamin Recht and Christopher Ré and Stephen J. Wright},
    title = {Hogwild: A Lock-Free Approach to Parallelizing Stochastic Gradient Descent},
    booktitle = {In NIPS},
    year = {2011}
}